

% Strings


% Preamble


% BibTeX Entries

@misc{fujitsu,
  author={FUJITSU JOURNAL},
  title={人工知能の能力が人間を超えた!? 世界初、中国語の手書き文字認識率で96.7\%を達成},
  howpublished={\url{http://journal.jp.fujitsu.com/2015/10/02/01/}},
  year={2015},
}

@article{imagenet, 
Author = {Olga Russakovsky and Jia Deng and Hao Su and Jonathan Krause and Sanjeev Satheesh and Sean Ma and Zhiheng Huang and Andrej Karpathy and Aditya Khosla and Michael Bernstein and Alexander C. Berg and Li Fei-Fei},
Title = {{ImageNet Large Scale Visual Recognition Challenge}},
Year = {2015},
journal   = {International Journal of Computer Vision (IJCV)},
doi = {10.1007/s11263-015-0816-y},
volume={115},
number={3},
pages={211-252}
}

@misc{waifu2x,
  author={marcan},
  title={OpenCL implementation of waifu2x image upscaling},
  howpublished={\url{https://github.com/marcan/cl-waifu2x}},
  year={2014},
}

@inproceedings{liu2015faceattributes,
 author = {Ziwei Liu and Ping Luo and Xiaogang Wang and Xiaoou Tang},
 title = {Deep Learning Face Attributes in the Wild},
 booktitle = {Proceedings of International Conference on Computer Vision (ICCV)},
 month = December,
 year = {2015} 
}

@article{neuralstyle,
  title={A Neural Algorithm of Artistic Style},
  author={Leon A. Gatys and Alexander S. Ecker and Matthias Bethge},
  journal={Nature Communications},
  volume={},
  number={},
  pages={},
  year={2015},
}

@article{fromcaption,
  title={Generative Adversarial Text to Image Synthesis},
  author={Scott Reed and Zeynep Akata and Xinchen Yan and Lajanugen Logeswaran and Bernt Schiele and Honglak Lee},
  journal={ICML},
  volume={},
  number={},
  pages={},
  year={2016},
}

@article{attr2image,
  title={Attribute2Image: Conditional Image Generation from Visual Attributes},
  author={Xinchen Yan and Jimei Yang and Kihyuk Sohn and Honglak Lee},
  journal={Computer Vision-ECCV 2016},
  volume={},
  number={},
  pages={},
  year={2016},
}

@article{dfi,
  title={Deep Feature Interpolation for Image Content Changes},
  author={Paul Upchurch and Jacob Gardner and Kavita Bala and Robert Pless and Noah Snavely and Kilian Weinberger},
  journal={arXiv preprint arXiv:1611.05507},
  year={2016},
}

@article{cnn,
  title={Backpropagation applied to handwritten zip code recognition},
  author={LeCun, Yann and Boser, Bernhard and Denker, John S and Henderson, Donnie and Howard, Richard E and Hubbard, Wayne and Jackel, Lawrence D},
  journal={Neural computation},
  volume={1},
  number={4},
  pages={541--551},
  year={1989},
  publisher={MIT Press}
}

@article{gan,
  title={Generative Adversarial Nets},
  author={I. Goodfellow and J. Pouget-Abadie and M. Mirza and B. Xu and D. Warde-Farley and S. Ozair and A. Courville and Y. Bengio},
  journal={NIPS},
  volume={},
  number={},
  pages={2672-2680},
  year={2014},
}

@article{vgg,
  title={VERY DEEP CONVOLUTIONAL NETWORKS FOR LARGE-SCALE IMAGE RECOGNITION},
  author={Karen Simonyan and Andrew Zisserman},
  journal={ICLR},
  volume={},
  number={},
  pages={},
  year={2015},
}

@article{dcgan,
  title={Unsupervised representation learning with deep convolutional generative adversarial networks},
  author={Radford, Alec and Metz, Luke and Chintala, Soumith},
  journal={arXiv preprint arXiv:1511.06434},
  year={2015}
}

@inproceedings{tvloss,
  title={Understanding deep image representations by inverting them},
  author={Mahendran, Aravindh and Vedaldi, Andrea},
  booktitle={2015 IEEE conference on computer vision and pattern recognition (CVPR)},
  pages={5188--5196},
  year={2015},
  organization={IEEE}
}